%1
@article{myrinin1990vosst,
	title={Восстановление пространственных спектров морской поверхности по оптическим изображениям в нелинейной модели поля яркости},
	author={Мурынин, АБ},
	journal={Исследование Земли из космоса},
	number={6},
	pages={60--70},
	year={1990},
	publisher={Федеральное государственное унитарное предприятие" Академический научно-издательский, производственно-полиграфический и книгораспространительский центр" Наука"}
}
%2
@article{bondur2016optim,
	title={Оптимальный выбор параметров для восстановления спектров морского волнения по аэрокосмическим изображениям},
	author={Бондур, ВГ and Мурынин, АБ and Игнатьев, ВЮ},
	journal={Машинное обучение и анализ данных},
	volume={2},
	number={2},
	pages={218--230},
	year={2016},
	publisher={Федеральное государственное бюджетное учреждение науки Вычислительный центр им. АА Дородницына Российской академии наук}
}
%3
@article{bondur2016rusvosstanovlenie,
  title={Восстановление спектров морского волнения по спектрам космических изображений в широком диапазоне частот},
  author={Бондур, ВГ and Дулов, ВА and Мурынин, АБ and Игнатьев, ВЮ},
  journal={Известия Российской академии наук. Физика атмосферы и океана},
  volume={52},
  number={6},
  pages={716--728},
  year={2016},
  publisher={Федеральное государственное унитарное предприятие Академический научно-издательский, производственно-полиграфический и книгораспространительский центр Наука}
}
%4
@article{gurchenkov2016rus,
  title={Улучшение качества изображений методом экстраполяции пространственных спектров},
  author={Гурченков, АА and Бочкарева, ВГ and Мурынин, АБ and Трёкин, АН},
  journal={Вестник Московского государственного технического университета им. НЭ Баумана. Серия {\guillemotleft}Естественные науки{\guillemotright}},
  number={2 (65)},
  year={2016},
  publisher={Федеральное государственное бюджетное образовательное учреждение высшего профессионального образования {\guillemotleft}Московский государственный технический университет имени НЭ Баумана{\guillemotright}}
}

%5
@article{bochkareva2016rus,
  title={Методы улучшения качества изображений, основанные на пространственном спектральном анализе},
  author={Бочкарева, ВГ and Матвеев, ИА and Мурынин, АБ and Цурков ВИ},
  journal={Известия Российской академии наук. Теория и системы управления},
	number={6},
  pages={62--70},
  year={2015},
  publisher={Федеральное государственное унитарное предприятие" Академический научно-издательский, производственно-полиграфический и книгораспространительский центр" Наука"}
}
%6
@article{owen2017monte,
  title={Monte Carlo theory, methods and examples, 2013},
  author={Owen, Art B},
  journal={URL http://statweb. stanford. edu/\~{} owen/mc},
  year={2017}
}